@book{ mitchell06,
  author = "Tom M. Mitchell",
  title = "The Discipline of Machine Learning",
  address = "Carnegie Mellon University, School of Computer Science, Machine Learning Department",
  year = "2006"
}

@misc{kmeans,
	author	= "Matthew Thorpe and Florian Theil and Adam M. Johansen and Neil Cade",
	title 	= "Convergence of the k-Means MinimizationProblem using $\Gamma$-Convergence",
	url 	= "http://homepages.warwick.ac.uk/~masfk/Gamma_Convergence_of_k-Means.pdf"
}